@misc{se-js,
  author       = {jrich},
  howpublished = {Stack Exchange},
  title        = {Javascript (ES6)},
  year         = {2016},
  url          = {https://codegolf.stackexchange.com/questions/57257/radiation-hardened-quine/#answer-73753}
}
@misc{madore-quines,
  author       = {David Madore},
  howpublished = {Web},
  title        = {Quines (self-replicating programs)},
  url          = {http://www.madore.org/~david/computers/quine.html}
}